<?xml version="1.0" encoding="UTF-8"?><record xmlns="http://www.loc.gov/MARC21/slim" xmlns:cinclude="http://apache.org/cocoon/include/1.0" xmlns:zs="http://www.loc.gov/zing/srw/">
  <leader>00442cz  a2200145n  4500</leader>
  <controlfield tag="001">no2007141959</controlfield>
  <controlfield tag="003">DLC</controlfield>
  <controlfield tag="005">20110902075101.0</controlfield>
  <controlfield tag="008">071117n| acannaabn          |a aaa     c</controlfield>
  <datafield tag="010" ind1=" " ind2=" ">
    <subfield code="a">no2007141959</subfield>
  </datafield>
  <datafield tag="035" ind1=" " ind2=" ">
    <subfield code="a">(OCoLC)oca07586221</subfield>
  </datafield>
  <datafield tag="040" ind1=" " ind2=" ">
    <subfield code="a">NNC</subfield>
    <subfield code="b">eng</subfield>
    <subfield code="c">NNC</subfield>
    <subfield code="d">DLC</subfield>
  </datafield>
  <datafield tag="100" ind1="1" ind2=" ">
    <subfield code="a">Mayer, Wolfgang,</subfield>
    <subfield code="d">1947-</subfield>
    <subfield code="t">Vergangenheit eine Zukunft.</subfield>
    <subfield code="l">English</subfield>
  </datafield>
  <datafield tag="400" ind1="1" ind2=" ">
    <subfield code="a">Mayer, Wolfgang,</subfield>
    <subfield code="d">1947-</subfield>
    <subfield code="t">Future for the past</subfield>
  </datafield>
  <datafield tag="670" ind1=" " ind2=" ">
    <subfield code="a">Mayer, W. A future for the past, 2007.</subfield>
  </datafield>
</record>